@inproceedings{ref:messmethoden,
  author = {R. Dämon and H. Ditlbacher and A. W. Hauser and M. Koch and R. Lammegger and A. Leitner and M. Schweighart and B. Schultze-Bernhardt},
  title  = {Einführung in die physikalischen Messmethoden},
  year   = {2021},
  volume = {7}
}

@misc{ref:uncertainties,
  author       = {Eric O. Lebigot},
  howpublished = {Website},
  title        = {Uncertainties: a Python package for calculations with uncertainties},
  year         = {o. D.},
  groups       = {LU_Ex1},
  url          = {https://pythonhosted.org/uncertainties/}
}

@misc{ref:angabe,
  author       = {Peter Banzer},
  howpublished = {Website},
  title        = {Microscopy Advanced Lab v1.03},
  year         = {2022},
  groups       = {LU_Ex1},
  url          = {https://moodle.uni-graz.at/pluginfile.php/2043233/mod_resource/content/5/Microscopy_Advanced_Lab_v1k03.pdf}
}
@Comment{jabref-meta: databaseType:bibtex;}
