@inproceedings{ref:messmethoden,
  author = {R. Dämon and H. Ditlbacher and A. W. Hauser and M. Koch and R. Lammegger and A. Leitner and M. Schweighart and B. Schultze-Bernhardt},
  title  = {Einführung in die physikalischen Messmethoden},
  year   = {2021},
  volume = {7}
}

@misc{ref:uncertainties,
  author       = {Eric O. Lebigot},
  howpublished = {Website},
  title        = {Uncertainties: a Python package for calculations with uncertainties},
  year         = {o. D.},
  groups       = {LU_Ex1},
  url          = {https://pythonhosted.org/uncertainties/}
}

@InProceedings{ref:angabe_elektronen,
  author   = {Michael Ramsey},
  title    = {Welle-Teilchen-Dualismus anhand zweier Aufgaben},
  abstract = {Welle-Teilchen-Dualismus anhand zweier Aufgaben Aufagbe 1: Beugung von Elektronen an einer polykristalinen Graphitprobe a) Berechnen Sie die Wellenlänge der Elektronen für die im Versuch verwendeten Anoden-(Beschleunigungs-) spannungen; d.h. für den Bereich zwischen 2keV und 5 keV. b) Die beobachteten Beugungsringe entsprechen den Abständen zweier verschiedener Gitterebenen. Bestimmen Sie aus dem Durchmesser der Beugungsringe den jeweiligen Gitterabstand. Dabei sind bei mind. 10 Elektronenenergien Messungen durchzuführen.},
  file     = {://wsl.localhost/Ubuntu/home/andreas/git/FP2/5_Festkoerperphysik/Angabe/ElekBeug+e-m- 3.pdf:PDF},
}

@InProceedings{ref:angabe_esr,
  author   = {{LD Didactic GmbH}},
  title    = {Elektronenspinresonanz an DPPH},
  abstract = {Bestimmung des Magnetfeldes in Abhängigkeit von der Resonanzfrequenz Versuchsziele Bestimmung des Resonanzmagnetfeldes B 0 in Abhängigkeit von der gewählten Resonanzfrequenz. Bestimmung des g-Faktors von DPPH. Bestimmung der Linienbreite ␦B 0 des Resonanzsignals.},
  file     = {://wsl.localhost/Ubuntu/home/andreas/git/FP2/5_Festkoerperphysik/Angabe/esr_original.pdf:PDF},
}

@Comment{jabref-meta: databaseType:bibtex;}
