@InProceedings{ref:angabe,
  author = {Joachim Krenn},
  title  = {{Interferenz und Polarisation}},
  year   = {2022},
}

@Comment{jabref-meta: databaseType:bibtex;}
