@misc{ref:messmethoden,
  author = {R. Dämon and H. Ditlbacher and A. W. Hauser and M. Koch and R. Lammegger and A. Leitner and M. Schweighart and B. Schultze-Bernhardt},
  title  = {Einführung in die physikalischen Messmethoden},
  year   = {2021},
  volume = {7}
}

@misc{ref:uncertainties,
  author       = {Eric O. Lebigot},
  howpublished = {Website},
  title        = {Uncertainties: a Python package for calculations with uncertainties},
  year         = {o. D.},
  groups       = {LU_Ex1},
  url          = {https://pythonhosted.org/uncertainties/}
}

@InProceedings{ref:angabe_compton,
  author = {Georg Koller},
  title  = {Compton-Effekt: Messung der Energie der gestreuten Photonen in Abhängigkeit vom Streuwinkel},
  year   = {o.D.},
  file   = {://wsl.localhost/Ubuntu/home/andreas/git/FP2/1_Compton_Roentgenfluoreszenzanalyse/Angabe/Röntgen-Anleitung-Comptoneffekt.pdf:PDF},
}

@InProceedings{ref:angabe_roentgen,
  author = {Georg Koller},
  title  = {Röntgenfluoreszenzanalyse und Moseley'sches Gesetz},
  year   = {o.D.},
  file   = {://wsl.localhost/Ubuntu/home/andreas/git/FP2/1_Compton_Roentgenfluoreszenzanalyse/Angabe/Röntgen-Anleitung-Comptoneffekt.pdf:PDF},
}

@Book{ref:demtroeder,
  author    = {Wolfgang Demtröder},
  publisher = {Springer},
  title     = {Experimentalphysik 3 - Atome, Moleküle und Festkörper},
  year      = {2016},
}

@Comment{jabref-meta: databaseType:bibtex;}
