@inproceedings{ref:messmethoden,
  author = {R. Dämon and H. Ditlbacher and A. W. Hauser and M. Koch and R. Lammegger and A. Leitner and M. Schweighart and B. Schultze-Bernhardt},
  title  = {Einführung in die physikalischen Messmethoden},
  year   = {2021},
  volume = {7}
}

@misc{ref:uncertainties,
  author       = {Eric O. Lebigot},
  howpublished = {Website},
  title        = {Uncertainties: a Python package for calculations with uncertainties},
  year         = {o. D.},
  groups       = {LU_Ex1},
  url          = {https://pythonhosted.org/uncertainties/}
}

@misc{ref:angabe_waerme,
  author       = {Andreas Hohenau},
  howpublished = {Website},
  title        = {Wärmepumpe},
  groups       = {LU_Ex1},
  url          = {https://moodle.uni-graz.at/mod/resource/view.php?id=1239703}
}
@misc{ref:angabe_solar,
  author       = {P. Knoll and A. Schöffmann and G. Paltauf},
  howpublished = {Website},
  title        = {Die Solarzelle},
  groups       = {LU_Ex1},
  url          = {https://moodle.uni-graz.at/mod/resource/view.php?id=1239702}
}
@Comment{jabref-meta: databaseType:bibtex;}
